%% This BibTeX bibliography file was created using BibDesk.
%% https://bibdesk.sourceforge.io/

%% Created for dph at 2020-08-04 22:23:20 +1000 


%% Saved with string encoding Unicode (UTF-8) 



@webpage{mayoclinic,
	Date-Added = {2020-08-04 22:22:46 +1000},
	Date-Modified = {2020-08-04 22:23:10 +1000},
	Month = {8},
	Url = {https://www.mayoclinic.org/tests-procedures/prostate-biopsy/about/pac-20384734\#:~:text=Your\%20doctor\%20may\%20recommend\%20a,still\%20have\%20elevated\%20PSA\%20levels},
	Year = {2020}}

@webpage{pandakaggle,
	Date-Added = {2020-08-04 22:13:24 +1000},
	Date-Modified = {2020-08-04 22:14:16 +1000},
	Lastchecked = {3},
	Month = {8},
	Title = {Prostate Cancer Grade Assessment (PANDA) Challenge},
	Url = {https://www.kaggle.com/c/prostate-cancer-grade-assessment/data},
	Year = {2020},
	Bdsk-Url-1 = {https://www.kaggle.com/c/prostate-cancer-grade-assessment/data}}

@article{bonettini2020video,
	Author = {Bonettini, Nicol{\`o} and Cannas, Edoardo Daniele and Mandelli, Sara and Bondi, Luca and Bestagini, Paolo and Tubaro, Stefano},
	Journal = {arXiv preprint arXiv:2004.07676},
	Title = {Video Face Manipulation Detection Through Ensemble of CNNs},
	Year = {2020}}

@article{mateen2020exudate,
	Author = {Mateen, Muhammad and Wen, Junhao and Nasrullah, Nasrullah and Sun, Song and Hayat, Shaukat},
	Journal = {Complexity},
	Publisher = {Hindawi},
	Title = {Exudate detection for diabetic retinopathy using pretrained convolutional neural networks},
	Volume = {2020},
	Year = {2020}}

@article{duran2020prometeo,
	Author = {Duran-Lopez, Lourdes and Dominguez-Morales, Juan P and Conde-Martin, Antonio Felix and Vicente-Diaz, Saturnino and Linares-Barranco, Alejandro},
	Journal = {IEEE Access},
	Pages = {128613--128628},
	Publisher = {IEEE},
	Title = {PROMETEO: A CNN-Based Computer-Aided Diagnosis System for WSI Prostate Cancer Detection},
	Volume = {8},
	Year = {2020}}

@inproceedings{ronneberger2015u,
	Author = {Ronneberger, Olaf and Fischer, Philipp and Brox, Thomas},
	Booktitle = {International Conference on Medical image computing and computer-assisted intervention},
	Organization = {Springer},
	Pages = {234--241},
	Title = {U-net: Convolutional networks for biomedical image segmentation},
	Year = {2015}}

@inproceedings{he2016deep,
	Author = {He, Kaiming and Zhang, Xiangyu and Ren, Shaoqing and Sun, Jian},
	Booktitle = {Proceedings of the IEEE conference on computer vision and pattern recognition},
	Pages = {770--778},
	Title = {Deep residual learning for image recognition},
	Year = {2016}}

@article{tan2019efficientnet,
	Author = {Tan, Mingxing and Le, Quoc V},
	Journal = {arXiv preprint arXiv:1905.11946},
	Title = {Efficientnet: Rethinking model scaling for convolutional neural networks},
	Year = {2019}}

@inproceedings{huang2017densely,
	Author = {Huang, Gao and Liu, Zhuang and Van Der Maaten, Laurens and Weinberger, Kilian Q},
	Booktitle = {Proceedings of the IEEE conference on computer vision and pattern recognition},
	Pages = {4700--4708},
	Title = {Densely connected convolutional networks},
	Year = {2017}}

@inproceedings{szegedy2016rethinking,
	Author = {Szegedy, Christian and Vanhoucke, Vincent and Ioffe, Sergey and Shlens, Jon and Wojna, Zbigniew},
	Booktitle = {Proceedings of the IEEE conference on computer vision and pattern recognition},
	Pages = {2818--2826},
	Title = {Rethinking the inception architecture for computer vision},
	Year = {2016}}

@article{guo2019fast,
	Author = {Guo, Zichao and Liu, Hong and Ni, Haomiao and Wang, Xiangdong and Su, Mingming and Guo, Wei and Wang, Kuansong and Jiang, Taijiao and Qian, Yueliang},
	Journal = {Scientific reports},
	Number = {1},
	Pages = {1--10},
	Publisher = {Nature Publishing Group},
	Title = {A fast and refined cancer regions segmentation framework in whole-slide breast pathological images},
	Volume = {9},
	Year = {2019}}

@article{wei2019pathologist,
	Author = {Wei, Jason W and Tafe, Laura J and Linnik, Yevgeniy A and Vaickus, Louis J and Tomita, Naofumi and Hassanpour, Saeed},
	Journal = {Scientific reports},
	Number = {1},
	Pages = {1--8},
	Publisher = {Nature Publishing Group},
	Title = {Pathologist-level classification of histologic patterns on resected lung adenocarcinoma slides with deep neural networks},
	Volume = {9},
	Year = {2019}}

@article{northcutt2019confident,
	Author = {Northcutt, Curtis G and Jiang, Lu and Chuang, Isaac L},
	Journal = {arXiv preprint arXiv:1911.00068},
	Title = {Confident learning: Estimating uncertainty in dataset labels},
	Year = {2019}}

@inproceedings{xue2019robust,
	Author = {Xue, Cheng and Dou, Qi and Shi, Xueying and Chen, Hao and Heng, Pheng-Ann},
	Booktitle = {2019 IEEE 16th International Symposium on Biomedical Imaging (ISBI 2019)},
	Organization = {IEEE},
	Pages = {1280--1283},
	Title = {Robust learning at noisy labeled medical images: Applied to skin lesion classification},
	Year = {2019}}

@inproceedings{muller2019does,
	Author = {M{\"u}ller, Rafael and Kornblith, Simon and Hinton, Geoffrey E},
	Booktitle = {Advances in Neural Information Processing Systems},
	Pages = {4694--4703},
	Title = {When does label smoothing help?},
	Year = {2019}}

@article{eminaga2019plexus,
	Author = {Eminaga, Okyaz and Abbas, Mahmoud and Kunder, Christian and Loening, Andreas M and Shen, Jeanne and Brooks, James D and Langlotz, Curtis P and Rubin, Daniel L},
	Journal = {arXiv preprint arXiv:1908.09067},
	Title = {Plexus Convolutional Neural Network (PlexusNet): A novel neural network architecture for histologic image analysis},
	Year = {2019}}

@article{florian2007reinforcement,
	Author = {Florian, R{\u{a}}zvan V},
	Journal = {Neural computation},
	Number = {6},
	Pages = {1468--1502},
	Publisher = {MIT Press},
	Title = {Reinforcement learning through modulation of spike-timing-dependent synaptic plasticity},
	Volume = {19},
	Year = {2007}}

@misc{wouter_bulten_2020_3715938,
	Author = {Wouter Bulten and Geert Litjens and Hans Pinckaers and Peter Str{\"o}m and Martin Eklund and Kimmo Kartasalo and Maggie Demkin and Sohier Dane},
	Doi = {10.5281/zenodo.3715938},
	Month = mar,
	Publisher = {Zenodo},
	Title = {{The PANDA challenge: Prostate cANcer graDe Assessment using the Gleason grading system}},
	Url = {https://doi.org/10.5281/zenodo.3715938},
	Year = 2020,
	Bdsk-Url-1 = {https://doi.org/10.5281/zenodo.3715938}}

@article{otsu1979threshold,
	Author = {Otsu, Nobuyuki},
	Journal = {IEEE transactions on systems, man, and cybernetics},
	Number = {1},
	Pages = {62--66},
	Publisher = {IEEE},
	Title = {A threshold selection method from gray-level histograms},
	Volume = {9},
	Year = {1979}}

@article{li2018path,
	Author = {Li, Wenyuan and Li, Jiayun and Sarma, Karthik V and Ho, King Chung and Shen, Shiwen and Knudsen, Beatrice S and Gertych, Arkadiusz and Arnold, Corey W},
	Journal = {IEEE transactions on medical imaging},
	Number = {4},
	Pages = {945--954},
	Publisher = {IEEE},
	Title = {Path R-CNN for prostate cancer diagnosis and gleason grading of histological images},
	Volume = {38},
	Year = {2018}}

@article{ramachandran2017swish,
	Author = {Ramachandran, Prajit and Zoph, Barret and Le, Quoc V},
	Journal = {arXiv preprint arXiv:1710.05941},
	Publisher = {Technical report},
	Title = {Swish: a self-gated activation function},
	Volume = {7},
	Year = {2017}}

@inproceedings{howard2019searching,
	Author = {Howard, Andrew and Sandler, Mark and Chu, Grace and Chen, Liang-Chieh and Chen, Bo and Tan, Mingxing and Wang, Weijun and Zhu, Yukun and Pang, Ruoming and Vasudevan, Vijay and others},
	Booktitle = {Proceedings of the IEEE International Conference on Computer Vision},
	Pages = {1314--1324},
	Title = {Searching for mobilenetv3},
	Year = {2019}}

@inproceedings{haidar2018harnessing,
	Author = {Haidar, Azzam and Tomov, Stanimire and Dongarra, Jack and Higham, Nicholas J},
	Booktitle = {SC18: International Conference for High Performance Computing, Networking, Storage and Analysis},
	Organization = {IEEE},
	Pages = {603--613},
	Title = {Harnessing GPU tensor cores for fast FP16 arithmetic to speed up mixed-precision iterative refinement solvers},
	Year = {2018}}

@inproceedings{tellez2018h,
	Author = {Tellez, David and Balkenhol, Maschenka and Karssemeijer, Nico and Litjens, Geert and van der Laak, Jeroen and Ciompi, Francesco},
	Booktitle = {Medical Imaging 2018: Digital Pathology},
	Organization = {International Society for Optics and Photonics},
	Pages = {105810Z},
	Title = {H and E stain augmentation improves generalization of convolutional networks for histopathological mitosis detection},
	Volume = {10581},
	Year = {2018}}

@article{kingma2014adam,
	Author = {Kingma, Diederik P and Ba, Jimmy},
	Journal = {arXiv preprint arXiv:1412.6980},
	Title = {Adam: A method for stochastic optimization},
	Year = {2014}}

@article{liu2018darts,
	Author = {Liu, Hanxiao and Simonyan, Karen and Yang, Yiming},
	Journal = {arXiv preprint arXiv:1806.09055},
	Title = {Darts: Differentiable architecture search},
	Year = {2018}}
	

